@BOOK{brock91,
  author = {Brockwell, Peter J. and Richard A. Davis},
  year = 1991,
  title = {Time series:theory and methods},
  edition = 2,
  publisher = {Springer},
  address = {New York, USA}
}
@BOOK{brock02,
	author = {Brockwell, Peter J. and Richard A. Davis},
	year = 2002,
	title = {Introduction to time series and forecasting},
	edition = 2,
	publisher = {Springer},
	address = {New York, USA}
}